<?xml version="1.0" encoding="UTF-8"?>
<collection xmlns="http://www.loc.gov/MARC21/slim">
    <!-- 100a only -->
    <record>
        <leader>00947cam a2200265 a 4500</leader>
        <controlfield tag="001">a345228</controlfield>
        <controlfield tag="008">891204s1990    ru            000 0 rus  </controlfield>
        <datafield tag="100" ind1="1" ind2=" ">
            <subfield code="a">Bashkov, Vladimir.</subfield>
        </datafield>
        <datafield tag="245" ind1="1" ind2="0">
            <subfield code="a">100a only</subfield>
        </datafield>
    </record>