
    <!-- 100ad -->
    <record>
        <leader>00880cam a2200217 i 4500</leader>
        <controlfield tag="001">a919006</controlfield>
        <controlfield tag="008">770207r19771901gw       b    001 0 ger d</controlfield>
        <datafield tag="100" ind1="1" ind2=" ">
            <subfield code="a">Oeftering, Michael,</subfield>
            <subfield code="d">1872-</subfield>
        </datafield>
        <datafield tag="245" ind1="1" ind2="0">
            <subfield code="a">100ad</subfield>
        </datafield>
    </record>