
    <!-- 100ae -->
    <record>
        <leader>00880cam a2200229K  45 0</leader>
        <controlfield tag="001">a7651581</controlfield>
        <controlfield tag="008">870518s1946    bl            000 0 por d</controlfield>
        <datafield tag="100" ind1="1" ind2=" ">
            <subfield code="a">Coutinho, Frederico dos Reys,</subfield>
            <subfield code="e">ed.</subfield>
        </datafield>
        <datafield tag="245" ind1="1" ind2="3">
            <subfield code="a">100ae</subfield>
        </datafield>
    </record>