
    <!-- 100aqd -->
    <record>
        <leader>00715cam a2200205   4500</leader>
        <controlfield tag="001">a690002</controlfield>
        <controlfield tag="008">711019s1955    xx            000 0 eng u</controlfield>
        <datafield tag="100" ind1="1" ind2=" ">
            <subfield code="a">Wallin, J. E. Wallace</subfield>
            <subfield code="q">(John Edward Wallace),</subfield>
            <subfield code="d">b. 1876.</subfield>
        </datafield>
        <datafield tag="245" ind1="1" ind2="0">
            <subfield code="a">100aqd</subfield>
        </datafield>
    </record>