
    <!-- 100 6a x 2-->
    <record>
        <leader>01089nam  22002175a 4500</leader>
        <controlfield tag="001">a123456</controlfield>
        <controlfield tag="008">070315s2006    su       b    000 0 arard</controlfield>
        <datafield tag="100" ind1="1" ind2=" ">
            <subfield code="6">01</subfield>
            <subfield code="a">Abā Buṭayn, Aḥmad ibn Muḥammad ibn ʻAbd Allāh.</subfield>
        </datafield>
        <datafield tag="880" ind1="1" ind2=" ">
            <subfield code="6">01</subfield>
            <subfield code="a">أبا بطين، أحمد بن محمد بن عبد الله.</subfield>
        </datafield>
        <datafield tag="245" ind1="1" ind2="0">
            <subfield code="a">100 6a x 2</subfield>
        </datafield>
    </record>