
    <!-- 100a, 700a x 2 -->
    <record>
        <leader>01489cam a2200349 a 4500</leader>
        <controlfield tag="001">a5324531</controlfield>
        <controlfield tag="008">020410s2002    njub     b    001 0 eng  </controlfield>
        <datafield tag="100" ind1="1" ind2=" ">
            <subfield code="a">Chang, Tsan-Kuo.</subfield>
        </datafield>
        <datafield tag="245" ind1="1" ind2="0">
            <subfield code="a">100a, 700a x 2</subfield>
        </datafield>
        <datafield tag="700" ind1="1" ind2=" ">
            <subfield code="a">Wang, Jian.</subfield>
        </datafield>
        <datafield tag="700" ind1="1" ind2=" ">
            <subfield code="a">Chen, Yanru.</subfield>
        </datafield>
    </record>