
    <!-- 100ad, 700a4, 710a -->
    <record>
        <leader>01952cim  2200457Ia 45í0</leader>
        <controlfield tag="001">a57136914</controlfield>
        <controlfield tag="008">041202s2000    mdunnn  s      f    eng d</controlfield>
        <datafield tag="100" ind1="1" ind2=" ">
            <subfield code="a">Sandford, John,</subfield>
            <subfield code="d">1944 Feb. 23-</subfield>
        </datafield>
        <datafield tag="245" ind1="1" ind2="4">
            <subfield code="a">100ad, 700a4, 710a</subfield>
        </datafield>
        <datafield tag="700" ind1="1" ind2=" ">
            <subfield code="a">Ferrone, Richard</subfield>
            <subfield code="4">nrt</subfield>
        </datafield>
        <datafield tag="710" ind1="2" ind2=" ">
            <subfield code="a">NetLibrary, Inc.</subfield>
        </datafield>
    </record>