
    <!-- 100a, 710a -->
    <record>
        <leader>00941nam a22002651  4500</leader>
        <controlfield tag="001">a115472</controlfield>
        <controlfield tag="008">740123s1966    ii a          000 0 eng  </controlfield>
        <datafield tag="100" ind1="0" ind2=" ">
            <subfield code="a">Dharma Kumar.</subfield>
        </datafield>
        <datafield tag="245" ind1="1" ind2="0">
            <subfield code="a">100a, 710a</subfield>
        </datafield>
        <datafield tag="710" ind1="2" ind2=" ">
            <subfield code="a">Indian Council of World Affairs.</subfield>
        </datafield>
    </record>