
    <!-- 100ad, 700adt -->
    <record>
        <leader>01669nam a2200289ua 4500</leader>
        <controlfield tag="001">a1261173</controlfield>
        <controlfield tag="008">870715r19741700ctu     a     000 0 eng d</controlfield>
        <datafield tag="100" ind1="1" ind2=" ">
            <subfield code="a">Johnson, Samuel,</subfield>
            <subfield code="d">1649-1703.</subfield>
        </datafield>
        <datafield tag="245" ind1="1" ind2="4">
            <subfield code="a">100ad, 700adt</subfield>
        </datafield>
        <datafield tag="700" ind1="1" ind2=" ">
            <subfield code="a">Johnson, Samuel,</subfield>
            <subfield code="d">1649-1703.</subfield>
            <subfield code="t">Confutation of a late pamphlet intituled A letter ballancing the necessity of keeping a land-force in times of peace.</subfield>
        </datafield>
    </record>