
    <!-- 100ad, 700ad, 700ad -->
    <record>
        <leader>01537cam a2200253   4500</leader>
        <controlfield tag="001">a2328381</controlfield>
        <controlfield tag="008">770114s1920    xx            000 0 eng  </controlfield>
        <datafield tag="100" ind1="1" ind2=" ">
            <subfield code="a">Swift, Jonathan,</subfield>
            <subfield code="d">1667-1745.</subfield>
        </datafield>
        <datafield tag="245" ind1="1" ind2="2">
            <subfield code="a">100ad, 700ad, 700ad</subfield>
        </datafield>
        <datafield tag="700" ind1="1" ind2=" ">
            <subfield code="a">Guthkelch, Adolph Charles Louis,</subfield>
            <subfield code="d">d. 1916.</subfield>
        </datafield>
        <datafield tag="700" ind1="1" ind2=" ">
            <subfield code="a">Smith, David Nichol,</subfield>
            <subfield code="d">1875-1962.</subfield>
        </datafield>
    </record>