
    <!-- 110a only -->
    <record>
        <leader>66662cim  2200457Ia 45í0</leader>
        <controlfield tag="001">aNYPL</controlfield>
        <controlfield tag="008">041202s2000    mdunnn s f    000 0 eng d</controlfield>
        <datafield tag="110" ind1="2" ind2=" ">
            <subfield code="a">New York Public Library.</subfield>
        </datafield>
        <datafield tag="245" ind1="1" ind2="4">
            <subfield code="a">110a only</subfield>
        </datafield>
    </record>