
    <!-- 110abbbb -->
    <record>
        <leader>02028cam a2200445 a 4500</leader>
        <controlfield tag="001">a5511738</controlfield>
        <controlfield tag="008">031031s2003    dcu          f000 0 eng c</controlfield>
        <datafield tag="110" ind1="1" ind2=" ">
            <subfield code="a">United States.</subfield>
            <subfield code="b">Congress.</subfield>
            <subfield code="b">House.</subfield>
            <subfield code="b">Committee on Agriculture.</subfield>
            <subfield code="b">Subcommittee on Department Operations, Oversight, Nutrition, and Forestry.</subfield>
        </datafield>
        <datafield tag="245" ind1="1" ind2="0">
            <subfield code="a">110abbbb</subfield>
        </datafield>
    </record>