
    <!-- 111andc, 700a4 -->
    <record>
        <leader>04473cam a2200313Ia 4500</leader>
        <controlfield tag="001">a5666387</controlfield>
        <controlfield tag="008">040202s2003    fi g     b    100 0deng d</controlfield>
        <datafield tag="111" ind1="2" ind2=" ">
            <subfield code="a">International Jean Sibelius Conference</subfield>
            <subfield code="n">(3rd :</subfield>
            <subfield code="d">2000 :</subfield>
            <subfield code="c">Helsinki, Finland)</subfield>
        </datafield>
        <datafield tag="245" ind1="1" ind2="0">
            <subfield code="a">111andc, 700a4</subfield>
        </datafield>
        <datafield tag="700" ind1="1" ind2=" ">
            <subfield code="a">Huttunen, Matti.</subfield>
            <subfield code="4">edt</subfield>
        </datafield>
    </record>