
    <!-- 110abh, 700a x 3, 710abbn, 710ab -->
    <record>
        <leader>00895cam  a22002297 45 0</leader>
        <controlfield tag="001">a4578538</controlfield>
        <controlfield tag="008">850909|||||||||xx |||||||||||||||||eng||</controlfield>
        <datafield tag="110" ind1="2" ind2="0">
            <subfield code="a">Stanford University.</subfield>
            <subfield code="b">Stanford Electronics Laboratories.</subfield>
            <subfield code="n">SEL-69-048.</subfield>
        </datafield>
        <datafield tag="245" ind1="1" ind2="0">
            <subfield code="a">110abh, 700a x 3, 710abbn, 710ab</subfield>
        </datafield>
        <datafield tag="700" ind1="1" ind2=" ">
            <subfield code="a">Hewitt, H. S.</subfield>
        </datafield>
        <datafield tag="700" ind1="1" ind2=" ">
            <subfield code="a">Kamen, E.</subfield>
        </datafield>
        <datafield tag="700" ind1="1" ind2=" ">
            <subfield code="a">Mikulsky, J.</subfield>
        </datafield>
        <datafield tag="710" ind1="2" ind2="0">
            <subfield code="a">Stanford University.</subfield>
            <subfield code="b">Stanford Electronics Laboratories.</subfield>
            <subfield code="b">Systems Techniques Laboratory.</subfield>
            <subfield code="n">Technical report 1965-</subfield>
        </datafield>
        <datafield tag="710" ind1="1" ind2=" ">
            <subfield code="a">United States.</subfield>
            <subfield code="b">Army Electronics Command.</subfield>
        </datafield>
    </record>