
    <!-- 110ab, 710ab -->
    <record>
        <leader>01115cam a2200313 i 4500</leader>
        <controlfield tag="001">a2557826</controlfield>
        <controlfield tag="008">790520m1977    dcua         f000 0 eng d</controlfield>
        <datafield tag="110" ind1="2" ind2=" ">
            <subfield code="a">Sanders Associates.</subfield>
            <subfield code="b">Defensive Systems Division.</subfield>
        </datafield>
        <datafield tag="245" ind1="1" ind2="0">
            <subfield code="a">100ab, 710ab</subfield>
        </datafield>
        <datafield tag="710" ind1="1" ind2=" ">
            <subfield code="a">United States.</subfield>
            <subfield code="b">Dept. of Energy.</subfield>
        </datafield>
    </record>