
    <!-- 110ab, 700aqd, 710a x 3 -->
    <record>
        <leader>01854nea a2200421Ka 45 0</leader>
        <controlfield tag="001">a6280316</controlfield>
        <controlfield tag="008">050825m18911895dcud      a  fs 0   eng d</controlfield>
        <datafield tag="110" ind1="1" ind2=" ">
            <subfield code="a">United States.</subfield>
            <subfield code="b">War Dept.</subfield>
        </datafield>
        <datafield tag="245" ind1="1" ind2="0">
            <subfield code="a">110ab, 700aqd, 710a x 3</subfield>
        </datafield>
        <datafield tag="700" ind1="1" ind2=" ">
            <subfield code="a">Cowles, Calvin D.</subfield>
            <subfield code="q">(Calvin Duvall),</subfield>
            <subfield code="d">1849-</subfield>
        </datafield>
        <datafield tag="710" ind1="2" ind2=" ">
            <subfield code="a">Julius Bien &amp; Co.</subfield>
        </datafield>
        <datafield tag="710" ind1="2" ind2=" ">
            <subfield code="a">David Rumsey Collection.</subfield>
        </datafield>
        <datafield tag="710" ind1="2" ind2=" ">
            <subfield code="a">Cartography Associates.</subfield>
        </datafield>
    </record>