
    <!-- 110 6a x 2, 710 6a x 2 -->
    <record>
        <leader>01125nam  2200301Ia 4500</leader>
        <controlfield tag="001">a987666</controlfield>
        <controlfield tag="008">070202s2006    cc a     b    000 0 chi d</controlfield>
        <datafield tag="110" ind1="2" ind2=" ">
            <subfield code="6">01</subfield>
            <subfield code="a">北京市妇女联合会.</subfield>
        </datafield>
        <datafield tag="245" ind1="1" ind2="0">
            <subfield code="a">110 6a x 2, 710 6a x 2</subfield>
        </datafield>
        <datafield tag="710" ind1="2" ind2=" ">
            <subfield code="6">01</subfield>
            <subfield code="a">Beijing Shi fu nü lian he hui.</subfield>
        </datafield>
        <datafield tag="710" ind1="2" ind2=" ">
            <subfield code="6">05</subfield>
            <subfield code="b">Beijing Shi fu nü lian he hui.</subfield>
        </datafield>
        <datafield tag="710" ind1="2" ind2=" ">
            <subfield code="6">05</subfield>
            <subfield code="a">(this was a value in a non-latin script)</subfield>
        </datafield>
    </record>