
    <!-- 110ab, 710 6ab x 2 -->
    <record>
        <leader>01282cam a22002655u 4500</leader>
        <controlfield tag="001">a111666</controlfield>
        <controlfield tag="008">070416s2006    ko            000c0 kor d</controlfield>
        <datafield tag="110" ind1="2" ind2=" ">
            <subfield code="a">서울대학교.</subfield>
            <subfield code="b">규장각한국학연구원</subfield>
        </datafield>
        <datafield tag="245" ind1="1" ind2="0">
            <subfield code="a">110ab, 710 6ab x 2</subfield>
        </datafield>
        <datafield tag="710" ind1="2" ind2=" ">
            <subfield code="6">05</subfield>
            <subfield code="a">Sŏul Taehakkyo.</subfield>
            <subfield code="b">Kyujanggak Hangukhak Yŏn'guwŏn.</subfield>
        </datafield>
        <datafield tag="710" ind1="2" ind2=" ">
            <subfield code="6">05</subfield>
            <subfield code="a">서울대학교.</subfield>
            <subfield code="b">규장각한국학연구원.</subfield>
        </datafield>
    </record>