
    <!-- 700a -->
    <record>
        <leader>01260cam a2200349 a 4500</leader>
        <controlfield tag="001">a4428936</controlfield>
        <controlfield tag="008">000828s2000    it       b    000 0 ita c</controlfield>
        <datafield tag="245" ind1="0" ind2="3">
            <subfield code="a">700a</subfield>
        </datafield>
        <datafield tag="700" ind1="1" ind2=" ">
            <subfield code="a">Zagarrio, Vito.</subfield>
        </datafield>
    </record>