
    <!-- 700 6a -->
    <record>
        <leader>01027cam a2200265 a 4500</leader>
        <controlfield tag="001">a6808639</controlfield>
        <controlfield tag="008">070521s1999    cc            000 0 chi  </controlfield>
        <datafield tag="245" ind1="0" ind2="0">
            <subfield code="a">700 6a</subfield>
        </datafield>
        <datafield tag="700" ind1="1" ind2=" ">
            <subfield code="6">880-05</subfield>
            <subfield code="a">Chen, Junhong.</subfield>
        </datafield>
    </record>