
    <!-- 700a 710a -->
    <record>
        <leader>00928cam a2200229 a 4500</leader>
        <controlfield tag="001">a229800</controlfield>
        <controlfield tag="008">870909s1986    enka          000 0 eng d</controlfield>
        <datafield tag="245" ind1="0" ind2="0">
            <subfield code="a">700a 710a</subfield>
        </datafield>
        <datafield tag="700" ind1="1" ind2=" ">
            <subfield code="a">Rees, Graham L.</subfield>
        </datafield>
        <datafield tag="710" ind1="2" ind2=" ">
            <subfield code="a">Landell Mills Commodities Studies Limited.</subfield>
        </datafield>
    </record>