
    <!-- 700a, 710ab -->
    <record>
        <leader>01458nam a22003497a 4500</leader>
        <controlfield tag="001">a4258089</controlfield>
        <controlfield tag="008">991005s1997    dcu     b    f000 0 eng d</controlfield>
        <datafield tag="245" ind1="0" ind2="2">
            <subfield code="a">700a, 710ab</subfield>
        </datafield>
        <datafield tag="700" ind1="1" ind2=" ">
            <subfield code="a">Kurth, W. S.</subfield>
        </datafield>
        <datafield tag="710" ind1="1" ind2=" ">
            <subfield code="a">United States.</subfield>
            <subfield code="b">National Aeronautics and Space Administration.</subfield>
        </datafield>
    </record>