
    <!-- 700 6a x 2, 710 6a x 2 -->
    <record>
        <leader>01841cam  2200361Ia 4500</leader>
        <controlfield tag="001">a123123</controlfield>
        <controlfield tag="008">070213s2007    ru acf        000 0 rusod</controlfield>
        <datafield tag="245" ind1="0" ind2="0">
            <subfield code="a">700 6a x 2, 710 6a x 2</subfield>
        </datafield>
        <datafield tag="700" ind1="1" ind2=" ">
            <subfield code="6">07</subfield>
            <subfield code="a">Mali͡ukova, Larisa.</subfield>
        </datafield>
        <datafield tag="700" ind1="1" ind2=" ">
            <subfield code="6">07</subfield>
            <subfield code="a">Малюкова, Лариса.</subfield>
        </datafield>
        <datafield tag="710" ind1="2" ind2=" ">
            <subfield code="6">08</subfield>
            <subfield code="a">Federalʹnoe agentstvo po kulʹture i kinematografii (Russia)</subfield>
        </datafield>
        <datafield tag="710" ind1="2" ind2=" ">
            <subfield code="6">08</subfield>
            <subfield code="a">Федеральное агентство по культуре икинематографии (Russia)</subfield>
        </datafield>
    </record>