
    <!-- 710ab, 710a -->
    <record>
        <leader>01823cas a22004457a 4500</leader>
        <controlfield tag="001">a4114632</controlfield>
        <controlfield tag="008">961105d19961996dcuuuu       f0    0eng d</controlfield>
        <datafield tag="245" ind1="0" ind2="0">
            <subfield code="a">710ab, 710a</subfield>
        </datafield>
        <datafield tag="710" ind1="2" ind2=" ">
            <subfield code="a">United States International Trade Commission.</subfield>
            <subfield code="b">Office of Industries.</subfield>
        </datafield>
        <datafield tag="710" ind1="2" ind2=" ">
            <subfield code="a">United States International Trade Commission.</subfield>
        </datafield>
    </record>