
    <!-- 800 -->
    <record>
        <leader>01260cam a2200349 a 4500</leader>
        <controlfield tag="001">a800</controlfield>
        <controlfield tag="008">000828s2000    it       b    000 0 eng c</controlfield>
        <datafield tag="245" ind1="0" ind2="3">
            <subfield code="a">800</subfield>
        </datafield>
        <datafield tag="800" ind1="1" ind2="#">
            <subfield code="a">Darnell, Jack.</subfield>
            <subfield code="t">Edible wild plants of the planet earth.</subfield>
        </datafield>
    </record>