
    <!-- 810 -->
    <record>
        <leader>01260cam a2200349 a 4500</leader>
        <controlfield tag="001">a810</controlfield>
        <controlfield tag="008">000828s2000    it       b    000 0 eng c</controlfield>
        <datafield tag="245" ind1="0" ind2="3">
            <subfield code="a">810</subfield>
        </datafield>
        <datafield tag="810" ind1="2" ind2="#">
            <subfield code="a">American Academy in Rome.</subfield>
            <subfield code="t">Memoirs.</subfield>
        </datafield>
    </record>