
    
    <!-- 811 -->
    <record>
        <leader>01260cam a2200349 a 4500</leader>
        <controlfield tag="001">a811</controlfield>
        <controlfield tag="008">000828s2000    it       b    000 0 eng c</controlfield>
        <datafield tag="245" ind1="0" ind2="3">
            <subfield code="a">811</subfield>
        </datafield>
        <datafield tag="811" ind1="2" ind2="#">
            <subfield code="a">Delaware Symposium on Language Studies.</subfield>
            <subfield code="t">Delaware symposia on language studies ;</subfield>
            <subfield code="v">4.</subfield>
        </datafield>
    </record>