
    
    
    <!-- 240 with non-filing chars -->
    <record>
        <leader>01260cam a2200349 a 4500</leader>
        <controlfield tag="001">a2400</controlfield>
        <controlfield tag="008">000828s2000    it       b    000 0 ita c</controlfield>
        <datafield tag="240" ind1="0" ind2="0">
            <subfield code="a">Wacky</subfield>
        </datafield>
        <datafield tag="245" ind1="0" ind2="0">
            <subfield code="a">240 0 non-filing</subfield>
        </datafield>
    </record>