
    
    <!-- 4 non-filing chars in 245 -->
    <record>
        <leader>01669nam a2200289ua 4500</leader>
        <controlfield tag="001">a1261174</controlfield>
        <controlfield tag="008">870715r19741700ctu     a     000 0 eng d</controlfield>
        <datafield tag="245" ind1="1" ind2="4">
            <subfield code="a">The second part of the Confutation of the Ballancing letter</subfield>
        </datafield>
    </record>