
    
    <!-- 240 and 245 have non-filing -->
    <record>
        <leader>01260cam a2200349 a 4500</leader>
        <controlfield tag="001">a892452</controlfield>
        <controlfield tag="008">000828s2000    it       b    000 0 ita c</controlfield>
        <datafield tag="240" ind1="0" ind2="2">
            <subfield code="a">A Wacky</subfield>
        </datafield>
        <datafield tag="245" ind1="0" ind2="3">
            <subfield code="a">In 240 245 non-filing</subfield>
        </datafield>
    </record>