
    
    <!-- 245 field with initial numeric subfield -->
    <record>
        <leader>01260cam a2200349 a 4500</leader>
        <controlfield tag="001">a2458</controlfield>
        <controlfield tag="008">000828s2000    it       b    000 0 ita c</controlfield>
        <datafield tag="245" ind1="0" ind2="0">
            <subfield code="8">1.5\a</subfield>
            <subfield code="a">245 has sub 8</subfield>
        </datafield>
    </record>