  
    
    <!-- punctuation -->
    <record>
        <leader>01260cam a2200349 a 4500</leader>
        <controlfield tag="001">a111</controlfield>
        <controlfield tag="008">000828s2000    it       b    000 0 ita c</controlfield>
        <datafield tag="100" ind1="0" ind2="0">
            <subfield code="a">"ind 0 leading quotes"</subfield>
        </datafield>
        <datafield tag="245" ind1="0" ind2="0">
            <subfield code="a">in 100</subfield>
        </datafield>
    </record>