
    
<!-- author facet fields and punctuation -->
<!-- 100 keep trailing period -->
    <record>
        <leader>01260cam a2200349 a 4500</leader>
        <controlfield tag="001">a8634</controlfield>
        <controlfield tag="008">000828s2000    it       b    000 0 ita c</controlfield>
        <datafield tag="100" ind1="0" ind2="0">
            <subfield code="a">Sallust,  </subfield>
            <subfield code="d">86-34 B.C.</subfield>
        </datafield>
        <datafield tag="245" ind1="0" ind2="0">
            <subfield code="a">pers name facet from 100 should be:  Sallust, 86-34 B.C.</subfield>
        </datafield>
    </record>