
<!-- single 700 remove trailing period -->
    <record>
        <leader>01260cam a2200349 a 4500</leader>
        <controlfield tag="001">a700sayers</controlfield>
        <controlfield tag="008">000828s2000    it       b    000 0 ita c</controlfield>
        <datafield tag="100" ind1="0" ind2="0">
            <subfield code="a">Whimsey, Peter,</subfield>
        </datafield>
        <datafield tag="700" ind1="0" ind2="0">
            <subfield code="a">Sayers, Dorothy L. </subfield>
            <subfield code="q">(Dorothy Leigh), </subfield>
            <subfield code="d">1893-1957.</subfield>
        </datafield>
        <datafield tag="245" ind1="0" ind2="0">
            <subfield code="a">pers name facet from 700 should be:  Sayers, Dorothy L. (Dorothy Leigh), 1893-1957</subfield>
        </datafield>
    </record>