
    <record>
        <leader>01260cam a2200349 a 4500</leader>
        <controlfield tag="001">a700friedman</controlfield>
        <controlfield tag="008">000828s2000    it       b    000 0 ita c</controlfield>
        <datafield tag="700" ind1="0" ind2="0">
            <subfield code="a">Friedman, Eli A., </subfield>
            <subfield code="d">1933-,.  </subfield>
        </datafield>
        <datafield tag="245" ind1="0" ind2="0">
            <subfield code="a">pers name facet from 700 should be: Friedman, Eli A., 1933-</subfield>
        </datafield>
    </record>