
    
<!-- 2 700s, keep one trailing period -->
    <record>
        <leader>01260cam a2200349 a 4500</leader>
        <controlfield tag="001">aharrypotter</controlfield>
        <controlfield tag="008">000828s2000    it       b    000 0 ita c</controlfield>
        <datafield tag="700" ind1="0" ind2="0">
            <subfield code="a">Heyman, David.</subfield>
        </datafield>
        <datafield tag="700" ind1="0" ind2="0">
            <subfield code="a">Rowling, J. K.</subfield>
            <subfield code="t">Harry Potter and the Chamber of Secrets.</subfield>
        </datafield>
        <datafield tag="245" ind1="0" ind2="0">
            <subfield code="a">pers name facets from 700</subfield>
        </datafield>
    </record>