
<!-- 110 corp name remove trailing period -->
    <record>
        <leader>01260cam a2200349 a 4500</leader>
        <controlfield tag="001">a110foo</controlfield>
        <controlfield tag="008">000828s2000    it       b    000 0 ita c</controlfield>
        <datafield tag="110" ind1="0" ind2="0">
            <subfield code="a">SAFE Association (U.S.). </subfield>
            <subfield code="d">Symposium.  </subfield>
        </datafield>
        <datafield tag="245" ind1="0" ind2="0">
            <subfield code="a">corp name facet from 110 should be:  SAFE Association (U.S.). Symposium</subfield>
        </datafield>
    </record>