
<!-- 710 corp name -->
    <record>
        <leader>01260cam a2200349 a 4500</leader>
        <controlfield tag="001">a710corpname</controlfield>
        <controlfield tag="008">000828s2000    it       b    000 0 ita c</controlfield>
        <datafield tag="710" ind1="0" ind2="0">
            <subfield code="a"> Heyday Films.</subfield>
        </datafield>
        <datafield tag="710" ind1="0" ind2="0">
            <subfield code="a">Warner Bros. Pictures (1969- )</subfield>
        </datafield>
        <datafield tag="245" ind1="0" ind2="0">
            <subfield code="a">facets from 710</subfield>
        </datafield>
    </record>