
<!-- corp name 110 and 710 -->
    <record>
        <leader>01260cam a2200349 a 4500</leader>
        <controlfield tag="001">a110710corpname</controlfield>
        <controlfield tag="008">000828s2000    it       b    000 0 ita c</controlfield>
        <datafield tag="110" ind1="0" ind2="0">
            <subfield code="a">Thelma.</subfield>
        </datafield>
        <datafield tag="710" ind1="0" ind2="0">
            <subfield code="a">Roaring Woman, Louise. </subfield>
            <subfield code="d">2000-2001.</subfield>
        </datafield>
        <datafield tag="245" ind1="0" ind2="0">
            <subfield code="a">facets from 110 and 710</subfield>
        </datafield>
    </record>