
    
    
<!-- 111 mtg name -->
    <record>
        <leader>01260cam a2200349 a 4500</leader>
        <controlfield tag="001">a111faim</controlfield>
        <controlfield tag="008">000828s2000    it       b    000 0 ita c</controlfield>
        <datafield tag="111" ind1="0" ind2="0">
            <subfield code="a">FAIM (Forum).</subfield>
        </datafield>
        <datafield tag="245" ind1="0" ind2="0">
            <subfield code="a">mtg name facet from 111 should be: FAIM (Forum)</subfield>
        </datafield>
    </record>