
<!-- 711 mtg name -->
    <record>
        <leader>01260cam a2200349 a 4500</leader>
        <controlfield tag="001">a711</controlfield>
        <controlfield tag="008">000828s2000    it       b    000 0 ita c</controlfield>
        <datafield tag="711" ind1="0" ind2="0">
            <subfield code="a">European Conference on Computer Vision  </subfield>
            <subfield code="d">(2006 :  </subfield>
            <subfield code="c">Graz, Austria)  </subfield>
        </datafield>
        <datafield tag="245" ind1="0" ind2="0">
            <subfield code="a">mtg name facet from 711 should be: European Conference on Computer Vision  (2006 : Graz, Austria)</subfield>
        </datafield>
    </record>
    
</collection>
